@article{Teevan2009, author = {Adar, Eytan and Teevan, Jaime and Dumais, Susan T and Elsas, Jonathan L},
title = {{The Web Changes Everything : Understanding the Dynamics of Web Content}},
year = {2009}
}
@article{Allan2007,
author = {Allan, James},
title = {{An Investigation of Dirichlet Prior Smoothing â€™ s Performance Advantage}},
year = {2007}
}
@article{Allen1983,
author = {Allen, James F.},
issn = {00010782},
journal = {Communications of the ACM},
month = nov,
number = {11},
title = {{Maintaining knowledge about temporal intervals}},
volume = {26},
year = {1983}
}
@phdthesis{Alonso2008,
author = {Alonso, Omar},
title = {{Temporal Information Retrieval}},
year = {2008}
}
@article{Alonso2011,
author = {Alonso, Omar and Gertz, Michael and Baeza-yates, Ricardo},
title = {{Using Temporal Information}},
year = {2011}
}
@article{Alonso2010,
author = {Alonso, Omar and Gertz, Michael and Baeza-yates, Ricardo},
title = {{Temporal Analysis of Document Collections : Framework and Applications}},
year = {2010}
}
@article{Corp2011,
author = {Alonso, Omar and Str\"{o}tgen, J and Baeza-Yates, RA and Gertz, Michael},
journal = {TWAW},
title = {{Temporal Information Retrieval: Challenges and Opportunities.}},
volume = {i},
year = {2011}
}
@article{Ammi1903,
author = {Ammi, Charles A Charles},
title = {{Rules for a printed dictionary catalogue .}},
year = {1903}
}
@article{Amodeo2011,
address = {New York, New York, USA},
author = {Amodeo, Giuseppe and Amati, Giambattista and Gambosi, Giorgio},
journal = {Proceedings of the 20th ACM international conference on Information and knowledge management - CIKM '11},
title = {{On relevance, time and query expansion}},
year = {2011}
}
@article{Anick1982,
annote = {Cited by Kleinberg},
author = {Anick, D and Mitra, D and Sondhi, M. M.},
journal = {Bell System Technical Journal},
number = {8},
title = {{Stochastic theory of a data-handling system with multiple sources}},
volume = {61},
year = {1982}
}
@article{Antunes,
author = {Antunes, Cl\'{a}udia M and Oliveira, Arlindo L},
title = {{Temporal Data Mining : an overview}}
}
@inproceedings{Arikan2009,
author = {Arikan, Irem and Bedathur, S and Berberich, Klaus},
booktitle = {In WSDM},
title = {{Time will tell: Leveraging temporal expressions in ir}},
year = {2009}
}
@article{Bakalov,
author = {Bakalov, Anton and Mccallum, Andrew and Mimno, David},
title = {{Topic Models for Taxonomies}}
}
@article{Bassara2008,
author = {Bassara, Andrzej},
title = {{Language Model Based Temporal Information Indexing}},
year = {2008}
}
@article{Beitzel2007,
author = {Beitzel, Steven M and Jensen, Eric C and Chowdhury, Abdur and Frieder, Ophir and Grossman, David},
number = {September 2004},
title = {{Temporal Analysis of a Very Large Topically Categorized Web Query Log}},
volume = {2005},
year = {2007}
}
@article{Beitzel2004,
address = {New York, New York, USA},
author = {Beitzel, Steven M. and Jensen, Eric C. and Chowdhury, Abdur and Grossman, David and Frieder, Ophir},
journal = {Proceedings of the 27th annual international conference on Research and development in information retrieval - SIGIR '04},
year = {2004}
}
@article{Beitzel2007a,
author = {Beitzel, Steven M. and Jensen, Eric C. and Lewis, David D. and Chowdhury, Abdur and Frieder, Ophir},
issn = {10468188},
journal = {ACM Transactions on Information Systems},
month = apr,
number = {2},
title = {{Automatic classification of Web queries using very large unlabeled query logs}},
volume = {25},
year = {2007}
}
@article{Berberich2013,
author = {Berberich, Klaus},
title = {{Temporal Diversification of Search Results}},
year = {2013}
}
@inproceedings{Berberich2010,
author = {Berberich, Klaus and Bedathur, Srikanta and Alonso, Omar and Weikum, Gerhard},
booktitle = {Proceedings of {ECIR} 2010},
mendeley-tags = {Temporal},
title = {{A Language Modeling Approach for Temporal Information Needs}},
year = {2010}
}
@article{Berberich2007,
address = {New York, New York, USA},
author = {Berberich, Klaus and Bedathur, Srikanta and Neumann, Thomas and Weikum, Gerhard},
journal = {Proceedings of the 30th annual international ACM SIGIR conference on Research and development in information retrieval - SIGIR '07},
title = {{A time machine for text search}},
year = {2007}
}
@article{Berberich2005,
author = {Berberich, Klaus and Vazirgiannis, Michalis and Weikum, Gerhard},
issn = {1542-7951},
journal = {Internet Mathematics},
month = jan,
number = {3},
title = {{Time-Aware Authority Ranking}},
volume = {2},
year = {2005}
}
@inproceedings{Berger1999,
author = {Berger, Adam and Lafferty, J},
booktitle = {SIGIR '99},
mendeley-tags = {Retrieval models,Translation},
title = {{Information retrieval as statistical translation}},
year = {1999}
}
@article{Berlanga2001,
author = {Berlanga, Rafael and P\'{e}rez, Juan and Aramburu, MJ and Llid\'{o}, Dolores},
journal = {Database and Expert \ldots},
title = {{Techniques and tools for the temporal analysis of retrieved information}},
year = {2001}
}
@inproceedings{Bifet,
author = {Bifet, Albert and Gavald, Ricard},
mendeley-tags = {Temporal},
title = {{Learning from Time-Changing Data with Adaptive Windowing a}}
}
@article{Blei,
author = {Blei, David M and Mcauliffe, Jon D},
title = {{Supervised topic models}}
}
@inproceedings{Blei2006,
address = {New York, New York, USA},
author = {Blei, David M. and Lafferty, John D.},
booktitle = {Proceedings of the 23rd international conference on Machine learning - ICML '06},
mendeley-tags = {Topic models},
title = {{Dynamic topic models}},
year = {2006}
}
@article{Bolour1980,
author = {Bolour, A. and Anderson, T.L. and Dekeyser, L.J. and Wong, H.K.T.},
journal = {SIGMOD Letters},
title = {{The Role of Time in Information Processing: A Survey}},
year = {1980}
}
@article{Broder2002,
author = {Broder, Andrei},
issn = {01635840},
journal = {ACM SIGIR Forum},
month = sep,
number = {2},
title = {{A taxonomy of web search}},
volume = {36},
year = {2002}
}
@article{Brown1992,
author = {Brown, Peter E and Pietra, Vincent J Della and Mercer, Robert L and Pietra, Stephen A Della and Lai, Jennifer C},
title = {{An Estimate of an Upper Bound for the Entropy of English}},
volume = {10598},
year = {1992}
}
@inproceedings{Campos2012,
author = {Campos, Ricardo and Dias, Ga\"{e}l and Jorge, AM and Nunes, C\'{e}lia},
booktitle = {Proceedings of the 2nd \ldots},
title = {{Enriching temporal query understanding through date identification: how to tag implicit temporal queries?}},
volume = {2010},
year = {2012}
}
@article{Chambers2012,
author = {Chambers, Nathanael},
number = {July},
title = {{Labeling Documents with Timestamps : Learning from their Time Expressions}},
year = {2012}
}
@article{Chang2012,
address = {New York, New York, USA},
author = {Chang, Po-Tzu and Huang, Yen-Chieh and Yang, Cheng-Lun and Lin, Shou-De and Cheng, Pu-Jen},
journal = {Proceedings of the 35th international ACM SIGIR conference on Research and development in information retrieval - SIGIR '12},
title = {{Learning-based time-sensitive re-ranking for web search}},
year = {2012}
}
@article{Charikar2004,
author = {Charikar, Moses and Chen, Kevin and Farach-Colton, Martin},
issn = {03043975},
journal = {Theoretical Computer Science},
month = jan,
number = {1},
title = {{Finding frequent items in data streams}},
volume = {312},
year = {2004}
}
@article{Chen2007,
author = {Chen, Kuan-Yu and Luesukprasert, Luesak and Chou, Seng-cho T.},
issn = {1041-4347},
journal = {IEEE Transactions on Knowledge and Data Engineering},
month = aug,
number = {8},
title = {{Hot Topic Extraction Based on Timeline Analysis and Multidimensional Sentence Modeling}},
volume = {19},
year = {2007}
}
@article{Chen1998,
author = {Chen, Stanley F and Goodman, Joshua},
number = {August},
title = {{An Empirical Study of Smoothing Techniques for Language Modeling An Empirical Study of Smoothing Techniques for Language Modeling}},
year = {1998}
}
@article{Chien2005,
author = {Chien, Steve and Immorlica, Nicole},
title = {{Using Temporal Correlation}},
year = {2005}
}
@article{Chieu2004,
address = {New York, New York, USA},
author = {Chieu, Hai Leong and Lee, Yoong Keok},
journal = {Proceedings of the 27th annual international conference on Research and development in information retrieval - SIGIR '04},
title = {{Query based event extraction along a timeline}},
year = {2004}
}
@article{Childs1999,
author = {Childs, LC and Cassel, David},
journal = {Proceedings of ACL Workshop},
title = {{Extracting and normalizing temporal expressions}},
year = {1999}
}
@article{Choi2012,
address = {New York, New York, USA},
author = {Choi, Jaeho and Croft, W. Bruce},
journal = {Proceedings of the 21st ACM international conference on Information and knowledge management - CIKM '12},
title = {{Temporal models for microblogs}},
year = {2012}
}
@article{Dai2011,
author = {Dai, Na and Davison, Brian D and Sci, Computer},
title = {{Learning to Rank for Freshness and Relevance}},
year = {2011}
}
@article{Dakka2012,
author = {Dakka, Wisam and Gravano, Luis and Ipeirotis, Panagiotis},
issn = {1041-4347},
journal = {IEEE Transactions on Knowledge and Data Engineering},
number = {2},
title = {{Answering General Time-Sensitive Queries}},
volume = {24},
year = {2012}
}
@article{Dalli2006,
author = {Dalli, Angelo},
number = {September 2001},
title = {{Automatic Dating of Documents and Temporal Text Classification}},
year = {2006}
}
@inproceedings{DeJong2005,
author = {de Jong, Franciska and Rode, H and Hiemstra, D},
title = {{Temporal language models for the disclosure of historical text}},
year = {2005}
}
@article{Dias2011,
author = {Dias, Ga\"{e}l and Campos, R and Jorge, Al\'{\i}pio},
journal = {\ldots on Enriching Information Retrieval of the 34th \ldots},
title = {{Future Retrieval : What Does the Future Talk About?}},
year = {2011}
}
@article{Diaz2005,
address = {New York, New York, USA},
author = {Diaz, Fernando},
journal = {Proceedings of the 14th ACM international conference on Information and knowledge management - CIKM '05},
title = {{Regularizing ad hoc retrieval scores}},
year = {2005}
}
@article{Diaz2009,
address = {New York, New York, USA},
author = {Diaz, Fernando},
journal = {Proceedings of the Second ACM International Conference on Web Search and Data Mining - WSDM '09},
title = {{Integration of news content into web results}},
year = {2009}
}
@article{Diaz2004,
address = {New York, New York, USA},
author = {Diaz, Fernando and Jones, Rosie},
journal = {Proceedings of the 27th annual international conference on Research and development in information retrieval - SIGIR '04},
number = {1},
title = {{Using temporal profiles of queries for precision prediction}},
year = {2004}
}
@article{Dietz2013,
author = {Dietz, Laura and Dalton, Jeffrey},
title = {{Time-aware Evaluation of Cumulative Citation Recommendation Systems Example Application : TREC KBA}},
year = {2013}
}
@article{Dissertation2006,
author = {Dissertation, A},
number = {August},
title = {{INTER-DOCUMENT SIMILARITIES , LANGUAGE MODELS , AND AD HOC INFORMATION RETRIEVAL}},
year = {2006}
}
@article{Ebina2011,
author = {Ebina, Ryohei and Nakamura, Kenji and Oyanagi, Shigeru},
journal = {2011 IEEE 23rd International Conference on Tools with Artificial Intelligence},
month = nov,
title = {{A Real-Time Burst Detection Method}},
year = {2011}
}
@article{Efron2010,
author = {Efron, Miles},
mendeley-tags = {Retrieval models,Temporal},
number = {7},
title = {{Linear Time Series Models for Term Weighting}},
volume = {61},
year = {2010}
}
@inproceedings{Efron2013,
address = {New York, New York, USA},
author = {Efron, Miles},
booktitle = {Proceedings of the 36th international ACM SIGIR conference on Research and development in information retrieval (SIGIR '13},
title = {{Query representation for cross-temporal information retrieval}},
year = {2013}
}
@article{Efron2012,
author = {Efron, Miles},
number = {2},
title = {{Query-Specific Recency Ranking : Survival Analysis for Improved Microblog Retrieval}},
year = {2012}
}
@article{Efron2010a,
author = {Efron, Miles},
journal = {Journal of the American Society for Information \ldots},
title = {{Linear Time Series Models for Term Weighting in Information Retrieval}},
year = {2010}
}
}
@article{Efron2014,
author = {Efron, Miles and Lin, Jimmy and He, Jiyin and Vries, Arjen De},
journal = {umiacs.umd.edu},
title = {{Temporal Feedback for Tweet Search with Non-Parametric Density Estimation}},
year = {2014}
}
@article{Elsas2010,
address = {New York, New York, USA},
author = {Elsas, Jonathan L. and Dumais, Susan T.},
journal = {Proceedings of the third ACM international conference on Web search and data mining - WSDM '10},
title = {{Leveraging temporal dynamics of document content in relevance ranking}},
year = {2010}
}
@article{Elsayed2008,
author = {Elsayed, Tamer and Lin, Jimmy and Oard, Douglas W},
number = {June},
title = {{Pairwise Document Similarity in Large Collections with MapReduce}},
year = {2008}
}
@article{Fang2004,
address = {New York, New York, USA},
author = {Fang, Hui and Tao, Tao and Zhai, ChengXiang},
journal = {Proceedings of the 27th annual international conference on Research and development in information retrieval - SIGIR '04},
mendeley-tags = {Axiomatic,Retrieval models},
title = {{A formal study of information retrieval heuristics}},
year = {2004}
}
@article{Frommeyer2004,
author = {Frommeyer, Jutta},
journal = {Library resources \& technical services},
number = {3},
title = {{Chronological Terms and Period Subdivisions in LCSH, RAMEAU, and RSWK}},
volume = {48},
year = {2004}
}
@article{Fung2005,
author = {Fung, GPC and Yu, JX and Yu, PS and Lu, Hongjun},
journal = {\ldots of the 31st international conference on \ldots},
title = {{Parameter free bursty events detection in text streams}},
year = {2005}
}
@article{Good1953,
annote = {Basis of smoothing
Good-Turing
Focus on animals, but applied to languages
Cites Zipf, Shannon and Jeffreys},
author = {Good, IJ},
journal = {Biometrika},
number = {3/4},
title = {{The population frequencies of species and the estimation of population parameters}},
volume = {40},
year = {1953}
}
@article{Han2004,
author = {Han, Benjamin and Lavie, Alon},
issn = {15300226},
journal = {ACM Transactions on Asian Language Information Processing},
month = mar,
number = {1},
title = {{A framework for resolution of time in natural language}},
volume = {3},
year = {2004}
}
@article{He,
author = {He, Dan and Parker, D Stott},
title = {{Topic Dynamics : An Alternative Model of â€˜ Bursts â€™ in Streams of Topics âˆ— Categories and Subject Descriptors}}
}
@article{He2009,
author = {He, Qi and Chen, Bi and Giles, C Lee},
title = {{Detecting Topic Evolution in Scientific Literature : How Can Citations Help ?}},
year = {2009}
}
@article{Xerox,
author = {Hearst, Marti A. and Pederson, Jan O.},
title = {{Reexamining Scatter / Gather the Cluster Hypothesis : Results on Retrieval}}
}
@article{Hirschman1980,
author = {Hirschman, Lynette},
title = {{Retrieving time information from natural- language texts}},
year = {1980}
}
@article{Hobbs2004,
author = {Hobbs, Jerry R. and Pan, Feng},
issn = {15300226},
journal = {ACM Transactions on Asian Language Information Processing},
month = mar,
number = {1},
title = {{An ontology of time for the semantic web}},
volume = {3},
year = {2004}
}
@article{Jardine1971,
author = {Jardine, N and van Rijsbergen, CJ},
journal = {Information storage and retrieval},
title = {{The use of hierachic clustering in information retrieval}},
volume = {7},
year = {1971}
}
@article{Jatowt2005,
author = {Jatowt, Adam and Kawai, Yukiko and Tanaka, Katsumi},
title = {{LNCS 3806 - Temporal Ranking of Search Engine Results}},
year = {2005}
}
@article{Jones2007,
author = {Jones, Rosie and Diaz, Fernando},
journal = {ACM Transactions on Information Systems},
number = {3},
title = {{Temporal profiles of queries}},
volume = {25},
year = {2007}
}
@article{Kalczynski2005,
author = {Kalczynski, Pawel Jan and Chou, Amy},
issn = {03064573},
journal = {Information Processing \& Management},
month = may,
number = {3},
title = {{Temporal Document Retrieval Model for business news archives}},
volume = {41},
year = {2005}
}
@book{Kanhabua2012b,
author = {Kanhabua, Nattiya},
title = {{Time-aware Approaches to Information Retrieval Nattiya Kanhabua Time-aware Approaches to Information Retrieval Thesis for the degree of Philosophiae Doctor}},
volume = {7},
year = {2012}
}
@article{Kanhabua2012a,
address = {New York, New York, USA},
author = {Kanhabua, Nattiya and Berberich, Klaus and Norvag, Kjetil},
journal = {Proceedings of {SIGIR} 2012},
title = {{Learning to select a time-aware retrieval model}},
year = {2012}
}
@article{Kanhabua2008,
author = {Kanhabua, Nattiya and N\o rv\aa g, K},
journal = {Research and Advanced Technology for Digital \ldots},
title = {{Improving temporal language models for determining time of non-timestamped documents}},
year = {2008}
}
@article{Kanhabua2012,
address = {New York, New York, USA},
author = {Kanhabua, Nattiya and N\o rv\aa g, Kjetil},
journal = {Proceedings of the 21st ACM international conference on Information and knowledge management - CIKM 2012},
title = {{Learning to rank search results for time-sensitive queries}},
year = {2012}
}
@article{Kanhabua2011,
address = {New York, New York, USA},
author = {Kanhabua, Nattiya and Norvag, Kjetil},
journal = {Proceedings of {SIGIR} 2011},
title = {{A comparison of time-aware ranking methods}},
year = {2011}
}
@article{Kanhabua2011a,
address = {New York, New York, USA},
author = {Kanhabua, Nattiya and N\o rv\aa g, Kjetil},
journal = {Proceedings of the 34th international ACM SIGIR conference on Research and development in Information - SIGIR '11},
title = {{Time-based query performance predictors}},
year = {2011}
}
@article{Kanhabua2012,
author = {Kanhabua, Nattiya and Romano, Sara and Stewart, Avar\'{e}},
journal = {\ldots SIGIR 2012 Workshop on Time- \ldots},
title = {{Identifying relevant temporal expressions for real-world events}},
year = {2012}
}
@inproceedings{Karimzadehgan2010,
address = {New York, New York, USA},
author = {Karimzadehgan, Maryam and Zhai, ChengXiang},
booktitle = {SIGIR 2010},
title = {{Estimation of statistical translation models based on mutual information for ad hoc information retrieval}},
year = {2010}
}
@article{Kawamae,
author = {Kawamae, Noriaki},
title = {{Trend Analysis Model : Trend Consists of Temporal Words , Topics , and Timestamps Categories and Subject Descriptors}}
}
@article{Kim2013,
address = {New York, New York, USA},
author = {Kim, Hyun Duk and Nikitin, Danila and Zhai, ChengXiang and Castellanos, Malu and Hsu, Meichun},
journal = {Proceedings of the 2013 Conference on the Theory of Information Retrieval - ICTIR '13},
title = {{Information Retrieval with Time Series Query}},
year = {2013}
}
@article{Kleinberg2006,
author = {Kleinberg, Jon},
journal = {\ldots management: Processing high-speed data streams},
title = {{Temporal dynamics of on-line information streams}},
year = {2006}
}
@article{Kleinberg2002,
address = {New York, New York, USA},
author = {Kleinberg, Jon},
journal = {Proceedings of the eighth ACM SIGKDD international conference on Knowledge discovery and data mining - KDD '02},
title = {{Bursty and hierarchical structure in streams}},
year = {2002}
}
@article{Koen2000,
author = {Koen, D. B. and Bender, W.},
issn = {0018-8670},
journal = {IBM Systems Journal},
number = {3.4},
title = {{Time Frames: Temporal augmentation of the news}},
volume = {39},
year = {2000}
}
@book{Kraaij2005,
author = {Kraaij, Wessel},
booktitle = {ACM SIGIR Forum},
issn = {01635840},
month = jun,
number = {1},
title = {{Variations on language modeling for information retrieval}},
volume = {39},
year = {2005}
}
@article{Kumar2005,
author = {Kumar, Abhimanu and Lease, Matthew and Baldridge, Jason},
title = {{Supervised Language Modeling for Temporal Resolution of Texts}},
year = {2005}
}
@article{Kumar2005,
author = {Kumar, Abhimanu and Lease, Matthew and Baldridge, Jason},
title = {{Supervised Language Modeling for Temporal Resolution of Texts}},
year = {2005}
}
issn = {10468188},
journal = {ACM Transactions on Information Systems},
month = may,
number = {3},
title = {{Clusters, language models, and ad hoc information retrieval}},
volume = {27},
year = {2009}
}
@book{Lavrenko2009,
author = {Lavrenko, V},
mendeley-tags = {Relevance,Relevance feedback,Relevance models,Retrieval models},
title = {{A generative theory of relevance}},
year = {2009}
}
@article{Lavrenko2001,
address = {New York, New York, USA},
author = {Lavrenko, Victor and Croft, W. Bruce},
journal = {Proceedings of the 24th annual international ACM SIGIR conference on Research and development in information retrieval - SIGIR '01},
mendeley-tags = {Relevance models,Retrieval models},
title = {{Relevance based language models}},
year = {2001}
}
@article{Lavrenko2000,
author = {Lavrenko, Victor and Schmill, Matt and Lawrie, Dawn},
journal = {\ldots on Text Mining},
title = {{Mining of concurrent text and time series}},
year = {2000}
}
@article{Laxman2006,
author = {Laxman, Srivatsan and Sastry, P S},
number = {April},
title = {{A survey of temporal data mining}},
volume = {31},
year = {2006}
}
@article{Leuski2001,
address = {New York, New York, USA},
author = {Leuski, Anton},
journal = {Proceedings of the tenth international conference on Information and knowledge management - CIKM'01},
mendeley-tags = {Clustering,Evaluation},
title = {{Evaluating document clustering for interactive information retrieval}},
year = {2001}
}
@article{Li2003,
address = {New York, New York, USA},
author = {Li, Xiaoyan and Croft, W. Bruce},
journal = {Proceedings of {CIKM} 2003},
title = {{Time-based language models}},
year = {2003}
}
@article{Liebscher2003,
annote = {Cited by Kleinberg},
author = {Liebscher, Robert and Belew, Richard K},
title = {{Lexical dynamics and conceptual change : Analyses and implications for information retrieval}},
volume = {1},
year = {2003}
}
@article{Lin2013,
author = {Lin, Jimmy and Efron, Miles},
journal = {SIGIR Workshop on Time-aware Information Access},
title = {{Temporal relevance profiles for tweet search}},
year = {2013}
}
@article{Lin2014,
author = {Lin, Sheng and Jin, Peiquan and Zhao, Xujian and Yue, Lihua},
issn = {09574174},
journal = {Expert Systems with Applications},
month = feb,
number = {2},
title = {{Exploiting temporal information in Web search}},
volume = {41},
year = {2014}
}
@book{Liu,
author = {Liu, Tie-Yan},
title = {{Learning to rank for information retrieval}}
}
@article{Liu2004,
address = {New York, New York, USA},
author = {Liu, Xiaoyong and Croft, W. Bruce},
journal = {Proceedings of the 27th annual international conference on Research and development in information retrieval - SIGIR '04},
title = {{Cluster-based retrieval using language models}},
year = {2004}
}
@article{Lu2010,
author = {Lu, Yue and Mei, Qiaozhu and Zhai, ChengXiang},
issn = {1386-4564},
journal = {Information Retrieval},
month = aug,
number = {2},
title = {{Investigating task performance of probabilistic topic models: an empirical study of PLSA and LDA}},
volume = {14},
year = {2010}
}
@article{MacKay1995,
annote = {Cited by Wallach (2008) as n-gram language model
Uses Bayesian approach},
author = {MacKay, David J. C. and Peto, Linda C. Bauman},
issn = {1351-3249},
journal = {Natural Language Engineering},
month = sep,
number = {03},
title = {{A hierarchical Dirichlet language model}},
volume = {1},
year = {1995}
}
@article{Makkonen2004,
author = {Makkonen, Juha},
title = {{Temporal information in Topic Detection and Tracking}},
year = {2004}
}
@article{Mani2004,
author = {Mani, Inderjeet and Pustejovsky, James and Sundheim, Beth},
issn = {15300226},
journal = {ACM Transactions on Asian Language Information Processing},
month = mar,
number = {1},
title = {{Introduction to the special issue on temporal information processing}},
volume = {3},
year = {2004}
}
@article{Mei2005,
author = {Mei, Qiaozhu},
title = {{Discovering Evolutionary Theme Patterns from Text - An Exploration of Temporal Text Mining}},
year = {2005}
}
@article{Metzler2009,
address = {New York, New York, USA},
author = {Metzler, Donald and Jones, Rosie and Peng, Fuchun and Zhang, Ruiqiang},
journal = {Proceeindgs of {SIGIR} 2009},
title = {{Improving search relevance for implicitly temporal queries}},
year = {2009}
}
@article{Michel2011a,
author = {Michel, Jean-baptiste and Shen, Yuan Kui and Aiden, Aviva Presser and Veres, Adrian and Matthew, K and Google, The and Team, Books and Pickett, Joseph P and Hoiberg, Dale and Clancy, Dan and Orwant, Jon and Pinker, Steven and Nowak, Martin A and Aiden, Erez Lieberman},
number = {March},
title = {{Quantitative Analysis of Culture Using Millions of Digitized Books}},
year = {2011}
}
@article{Mimno2012,
author = {Mimno, David},
number = {1},
title = {{Computational Historiography : Data Mining in a Century of Classics Journals}},
volume = {5},
year = {2012}
}
@article{Mimno2010,
author = {Mimno, David and Hoffman, Matthew D and Blei, David M},
title = {{Sparse stochastic inference for latent Dirichlet allocation}},
year = {2010}
}
@article{Mimno,
author = {Mimno, David and Mccallum, Andrew},
title = {{Topic Models Conditioned on Arbitrary Features with Dirichlet-multinomial Regression}}
}
@article{Mittal2007,
author = {Mittal, Ankush and Pagalthivarthi, Krishnan V.},
issn = {01678655},
journal = {Pattern Recognition Letters},
month = oct,
number = {14},
title = {{Temporal Bayesian Network based contextual framework for structured information mining}},
volume = {28},
year = {2007}
}
@article{Mizzaro1997,
author = {Mizzaro, Stefano},
journal = {Journal of the American Society for Information Science},
mendeley-tags = {Relevance},
number = {9},
title = {{Relevance: The whole history}},
volume = {48},
year = {1997}
}
@article{Mooers1950,
author = {Mooers, Calvin N},
title = {{Information Retrieval Viewed as Temporal Signalling}},
year = {1950}
}
@article{Newman,
author = {Newman, David and Baldwin, Timothy and Talley, Edmund},
title = {{Evaluating Topic Models for Digital Libraries Categories and Subject Descriptors}}
}
@article{Ng2006,
author = {Ng, Kenney},
number = {2},
title = {{A maximum likelihood ratio information retrieval model}},
year = {2006}
}
@article{Niculae2014,
author = {Niculae, Vlad and Zampieri, Marcos and Dinu, Liviu P and Ciobanu, Alina Maria},
title = {{Temporal Text Ranking and Automatic Dating of Texts}},
year = {2014}
}
@article{Nuno2011,
author = {Nuno, Ricardo and Campos, Taborda},
title = {{Using k-top Retrieved Web Snippets to Date Temporal Implicit Queries based on Web Content Analysis}},
volume = {25},
year = {2011}
}
@article{Parikh2008,
address = {New York, New York, USA},
author = {Parikh, Nish and Sundaresan, Neel},
journal = {Proceeding of the 14th ACM SIGKDD international conference on Knowledge discovery and data mining - KDD 08},
title = {{Scalable and near real-time burst detection from eCommerce queries}},
year = {2008}
}
@article{Pasca2008,
author = {Pasca, M},
journal = {Proceedings of the 2008 ACM symposium on Applied \ldots},
title = {{Towards temporal web search}},
year = {2008}
}
@article{Peetz2013a,
author = {Peetz, Maria-Hendrike and Meij, Edgar and de Rijke, Maarten},
issn = {1386-4564},
journal = {Information Retrieval},
month = jul,
number = {1},
title = {{Using temporal bursts for query modeling}},
volume = {17},
year = {2013}
}
@article{Peetz2012,
author = {Peetz, Maria-hendrike and Meij, Edgar and Rijke, Maarten De and Weerkamp, Wouter},
title = {{LNCS 7224 - Adaptive Temporal Query Modeling}},
year = {2012}
}
@article{Peetz2013,
author = {Peetz, MH and Rijke, Maarten De},
journal = {Advances in Information Retrieval},
title = {{Cognitive temporal document priors}},
year = {2013}
}
@article{Perki2005,
author = {Perki, Jukka and Tirri, Henry},
number = {2},
title = {{A Temporally Adaptive Content-Based Relevance Ranking Algorithm}},
year = {2005}
}
@article{Petras2006,
author = {Petras, Vivien and Larson, Ray R and Buckland, Michael},
title = {{Time Period Directories : A Metadata Infrastructure for Placing Events in Temporal and Geographic Context}},
year = {2006}
}
@inproceedings{Ponte1998,
author = {Ponte, Jay M. and Croft, W. Bruce},
booktitle = {SIGIR '98},
mendeley-tags = {Language models,Retrieval models},
title = {{A language modeling approach to information retrieval}},
year = {1998}
}
@article{Radinsky,
author = {Radinsky, Kira and Agichtein, Eugene and Gabrilovich, Evgeniy and Markovitch, Shaul},
title = {{A Word at a Time : Computing Word Relatedness using Temporal Semantic Analysis}}
}
@article{Radinsky2012,
address = {New York, New York, USA},
author = {Radinsky, Kira and Svore, Krysta and Dumais, Susan and Teevan, Jaime and Bocharov, Alex and Horvitz, Eric},
journal = {Proceedings of the 21st international conference on World Wide Web - WWW 2012},
title = {{Modeling and predicting behavioral dynamics on the web}},
year = {2012}
}
@article{Ribeiro2008,
author = {Ribeiro, Cristina and David, Gabriel},
title = {{Use of Temporal Expressions in Web Search}},
year = {2008}
}
@article{Richardson2008,
author = {Richardson, Matthew},
issn = {15591131},
journal = {ACM Transactions on the Web},
month = oct,
number = {4},
title = {{Learning about the world through long-term query logs}},
volume = {2},
year = {2008}
}
@article{Rocha2013,
author = {Rocha, Leonardo and Mour\~{a}o, Fernando and Mota, Hilton and Salles, Thiago and Gon\c{c}alves, Marcos Andr\'{e} and {Meira Jr.}, Wagner},
issn = {03064379},
journal = {Information Systems},
month = may,
number = {3},
title = {{Temporal contexts: Effective text classification in evolving document collections}},
volume = {38},
year = {2013}
}
@article{Same2012,
author = {Same, Allou and Govaert, Gerard},
journal = {2012 11th International Conference on Machine Learning and Applications},
month = dec,
number = {2},
title = {{Online Time Series Segmentation Using Temporal Mixture Models and Bayesian Model Selection}},
year = {2012}
}
@article{Sanderson2010,
author = {Sanderson, Mark},
issn = {1554-0669},
journal = {Foundations and TrendsÂ® in Information Retrieval},
mendeley-tags = {Evaluation,Test collections},
number = {4},
title = {{Test Collection Based Evaluation of Information Retrieval Systems}},
volume = {4},
year = {2010}
}
@article{Schilder2004,
author = {Schilder, Frank},
issn = {15300226},
journal = {ACM Transactions on Asian Language Information Processing},
month = mar,
number = {1},
title = {{Extracting meaning from temporal nouns and temporal prepositions}},
volume = {3},
year = {2004}
}
@article{Shanahan2003,
author = {Shanahan, James G and Bennett, Jeffrey and Evans, David A and Hull, David A and Montgomery, Jesse},
title = {{Clairvoyance Corporation Experiments in the TREC 2003 High Accuracy Retrieval from Documents ( HARD ) Track}},
year = {2003}
}
@article{Shannon1948,
author = {Shannon, C},
number = {July 1928},
title = {{A Mathematical Theory of Communication}},
volume = {27},
year = {1948}
}
@article{Shasha2006,
author = {Shasha, D.},
journal = {22nd International Conference on Data Engineering (ICDE'06)},
title = {{Better Burst Detection}},
year = {2006}
}
@inproceedings{Shokouhi2011,
author = {Shokouhi, Milad},
booktitle = {Proceedings of {SIGIR} 2011},
title = {{Detecting Seasonal Queries by Time-Series Analysis Categories and Subject Descriptors}},
year = {2011}
}
@techreport{Steinbach,
author = {Steinbach, Michael and Karypis, George and Kumar, Vipin},
mendeley-tags = {Clustering,Evaluation},
title = {{A Comparison of Document Clustering Techniques}}
}
@inproceedings{Alonso2012,
author = {Str\"{o}tgen, J and Alonso, Omar and Gertz, Michael},
booktitle = {Proceedings of the 2nd Temporal Web \ldots},
title = {{Identification of top relevant temporal expressions in documents}},
year = {2012}
}
@inproceedings{Swan2000a,
author = {Swan, Russell and Allan, James},
booktitle = {SIGIR 2000},
title = {{Automatic generation of overview timelines}},
year = {2000}
}
@article{Swan1999,
address = {New York, New York, USA},
author = {Swan, Russell and Allan, James},
journal = {Proceedings of the eighth international conference on Information and knowledge management - CIKM '99},
title = {{Extracting significant time varying features from text}},
year = {1999}
}
@article{Swan2000,
author = {Swan, Russell and Jensen, David},
journal = {KDD-2000 Workshop on Text Mining},
title = {{Timemines: Constructing timelines with statistical models of word usage}},
year = {2000}
}
@article{Teevan2013,
author = {Teevan, Jaime and Collins-Thompson, K},
journal = {\ldots Information Retrieval},
title = {{Slow Search: Information Retrieval without Time Constraints}},
year = {2013}
}
@article{Umiacs-tr-2010,
author = {Umiacs-tr-, Technical Report},
title = {{Effective Strategies for Temporally Anchored Information Retrieval Sangchul Song and Joseph JaJa Department of Electrical and Computer Engineering and Institute for Advanced Computer Studies University of Maryland , College Park}},
year = {2010}
}
@article{Verhagen2009,
author = {Verhagen, Marc and Moszkowicz, Jessica L.},
issn = {1749818X},
journal = {Language and Linguistics Compass},
month = mar,
number = {2},
title = {{Temporal Annotation and Representation}},
volume = {3},
year = {2009}
}
@article{Vlachos2004,
address = {New York, New York, USA},
author = {Vlachos, Michail and Meek, Chris and Vagena, Zografoula and Gunopulos, Dimitrios},
journal = {Proceedings of the 2004 ACM SIGMOD international conference on Management of data - SIGMOD '04},
title = {{Identifying similarities, periodicities and bursts for online search queries}},
year = {2004}
}
@article{Vlachos2007,
author = {Vlachos, Michail and Wu, Kun-Lung and Chen, Shyh-Kwei and Yu, Philip S.},
issn = {1384-5810},
journal = {Data Mining and Knowledge Discovery},
month = mar,
number = {1},
title = {{Correlating burst events on streaming stock market data}},
volume = {16},
year = {2007}
}
@inproceedings{Vdorhees,
author = {Voorhees, Ellen M.},
booktitle = {Proceedings of the 8th annual international ACM SIGIR \ldots},
title = {{The cluster hypothesis revisited}},
year = {1985}
}
@article{Wang2012,
author = {Wang, Chong and Blei, David and Heckerman, David},
title = {{Continuous time dynamic topic models}},
year = {2012}
}
@article{Wang2006,
author = {Wang, Xuerui and Mccallum, Andrew},
title = {{Topics over Time : A Non-Markov Continuous-Time Model of Topical Trends}},
year = {2006}
}
@article{Wei2006,
address = {New York, New York, USA},
author = {Wei, Xing and Croft, W. Bruce},
journal = {Proceedings of the 29th annual international ACM SIGIR conference on Research and development in information retrieval - SIGIR '06},
title = {{LDA-based document models for ad-hoc retrieval}},
year = {2006}
}
@article{Yao2009,
author = {Yao, Limin and Mimno, David and Mccallum, Andrew},
title = {{Efficient Methods for Topic Model Inference on Streaming Document Collections}},
year = {2009}
}
@article{Yi2009,
author = {Yi, Xing and Allan, James},
title = {{A Comparative Study of Utilizing Topic Models for Information Retrieval}},
year = {2009}
}
@book{Zhai2008,
author = {Zhai, ChengXiang},
booktitle = {Synthesis Lectures on Human Language Technologies},
issn = {1947-4040},
mendeley-tags = {Language models,Retrieval models},
month = jan,
title = {{Statistical Language Models for Information Retrieval}},
year = {2008}
}
@article{Zhai2004,
author = {Zhai, Chengxiang and Lafferty, John},
issn = {10468188},
journal = {ACM Transactions on Information Systems},
mendeley-tags = {Language models,Retreival Models,Smoothing},
month = apr,
number = {2},
title = {{A study of smoothing methods for language models applied to information retrieval}},
volume = {22},
year = {2004}
}
@article{Zhang,
author = {Zhang, Lumin and Jia, Yan and Zhou, Bin},
title = {{Detecting Real-time Burst Topics in Microblog Streams : How Sentiment C an Help}}
}
@article{Zhang2009,
author = {Zhang, Ruiqiang and Chang, Yi and Zheng, Zhaohui},
number = {June},
title = {{Search Result Re-ranking by Feedback Control Adjustment for Time-sensitive Query}},
year = {2009}
}
@article{Zhang2010,
author = {Zhang, Ruiqiang and Konda, Yuki and Dong, Anlei},
number = {October},
title = {{Learning Recurrent Event Queries for Web Search}},
volume = {25},
year = {2010}
}
@article{Zhang2006,
author = {Zhang, Xin},
number = {September},
title = {{Fast Algorithms for Burst Detection}},
year = {2006}
}
@article{Zhu2003,
address = {New York, New York, USA},
author = {Zhu, Yunyue and Shasha, Dennis},
journal = {Proceedings of the ninth ACM SIGKDD international conference on Knowledge discovery and data mining - KDD '03},
title = {{Efficient elastic burst detection in data streams}},
year = {2003}
}
@book{,
title = {{Temporal Information Processing Technology and Its Applications}}
}
@article{,
title = {{4 Language in use : temporal variation}}
}
@book{,
title = {{No Title}}
}
@article{Barry1998,
author = {Barry, Carol and Schamber, Linda},
journal = {Information Processing \& Management},
number = {2},
title = {{Users' criteria for relevance evaluation: A cross-situational comparison}},
volume = {34},
year = {1998}
}
@book{Krippendorff1980,
address = {Beverly Hills, CA},
author = {Krippendorff, Klaus},
publisher = {Sage},
title = {{Content analysis: an introduction to its methodology}},
year = {1980}
}
@article{He2007,
address = {New York, New York, USA},
author = {He, Qi and Chang, Kuiyu and Lim, Ee-Peng},
journal = {Proceedings of {SIGIR} 2007},
title = {{Analyzing feature trajectories for event detection}},
year = {2007}
}
@inproceedings{Guo2013,
	author = {Guo, Qi and Diaz, Fernando and Yom-tov, Elad},
	booktitle = {Proceedings of {ECIR} 2013},
	title = {{Updating Users about Time Critical Events}},
	year = {2013}
}
@inproceedings{Joho2014,
	author = {Joho, Hideo and Jatowt, Adam and Blanco, Roi},
	booktitle = {Proceedings of {WWW} 2014},
	title = {{NTCIR Temporalia : A Test Collection for Temporal Information Access Research}},
	year = {2014}
}
@techreport{TDT2004,
	author = {LDC},
	institution = {Linguistics Data Consortium},
	title = {{TDT 2004 : Annotation Manual}},
	year = {2004}
}
@inproceedings{Dai2010,
author = {Dai, Na and Davison, Brian D},
booktitle = {Proceedings of {SIGIR} 2010},
title = {{Freshness Matters: In Flowers, Food, and Web Authority}},
year = {2010}
}
@inproceedings{Frank2013,
author = {Frank, John R and Kleiman-Weiner, Max and Roberts, Daniel A and Soboroff, Ian},
booktitle = {Proceedings of {TREC} 2012},
title = {{Building an entity-centric stream filtering test collection for TREC 2012}},
year = {2013}
}
@inproceedings{Dong2010,
author = {Dong, Anlei and Bai, Jing },
booktitle = {Proceedings of {WSDM} 2010},
title = {{Towards Recency Ranking in Web Search}},
year = {2010}
},
@inproceedings{Kulkarni2011,
author = {Kulkarni, Anagha and Teevan, Jaime and Svore, Krysta M. and Dumais, Susan T.},
booktitle = {Proceedings of {WSDM} 2011},
title = {{Understanding temporal query dynamics}},
year = {2011}
}
@book{Voorhees2005,
 author = {Voorhees, Ellen M. and Harman, Donna K.},
 title = {{TREC}: Experiment and Evaluation in Information Retrieval},
 year = {2005},
 isbn = {0262220733},
 publisher = {The MIT Press},
} 
@inproceedings{Efron2011,
author = {Efron, Miles and Golovchinsky, Gene},
booktitle = {Proceedings of {SIGIR} 2011},
 year = {2011},
title = {{Estimation methods for ranking recent information}},
}
@inproceedings{Willis2016,
 author = {Willis, Craig and Sherman, Garrick and Efron, Miles},
 title = {What Makes a Query Temporally Sensitive?},
booktitle = {Proceedings of {SIGIR} 2016},
 series = {SIGIR '16},
 year = {2016},
 location = {Pisa, Italy},
 numpages = {4},
}
